@misc{origin,
	author = {WHO},
	title = {Chikungunya | World Health Organization},
	howpublished = "\url{https://www.who.int/health-topics/chikungunya#tab=tab_1} Visité le 10/juin/2024",
}
@misc{chikvcdc,
	author = {CDC},
	title = {Transmission of Chikungunya Virus},
	howpublished = "\url{https://www.cdc.gov/ncezid} Visité le 10/juin/2024",
}

@misc{chikvtchadwho,
	author = {WHO},
	title = {Disease outbreak news - Tchad},
	howpublished ="\url{https://www.who.int/fr/emergencies/disease-outbreak-news/item/chikungunya-chad} Visité le 10/juin/2024",
}

@article{ganesan2017chikungunya,
	title={Chikungunya Virus: Pathophysiology, Mechanism, and Modeling},
	author={Ganesan, V.K. and Duan, B. and Reid, S.P.},
	journal={Viruses},
	volume={9},
	number={12},
	pages={368},
	year={2017},
	publisher={MDPI},
	doi={10.3390/v9120368},
}

@article{rougeron2015chikungunya,
	title={Chikungunya, a paradigm of neglected tropical disease that emerged to be a new health global risk},
	author={Rougeron, Virginie and Sam, I-Ching and Caron, M{\'e}lanie and Nkoghe, Dieudonn{\'e} and Leroy, Eric and Roques, Pierre},
	journal={Journal of clinical Virology},
	volume={64},
	pages={144--152},
	year={2015},
	publisher={Elsevier}
}
@article{auerswald2018broad,
	title={Broad and long-lasting immune protection against various Chikungunya genotypes demonstrated by participants in a cross-sectional study in a Cambodian rural community},
	author={Auerswald, H. and Boussioux, C. and In, S. and others},
	journal={Emerging Microbes \& Infections},
	volume={7},
	number={1},
	pages={13},
	year={2018},
	publisher={Taylor \& Francis},
	doi={10.1038/s41426-018-0013-0}
}

@misc{
	who2,
	author = {WHO},
	title = {Chikungunya fact sheet},
	howpublished = "\url{https://www.who.int/news-room/fact-sheets/detail} Visité le 12/juin/2024"
}

@misc{intro,
	author = {PAHO},
	title = {Chikungunya - PAHO/WHO | Pan American Health Organization},
	howpublished = "\url{https://www.paho.org/en/topics/chikungunya} Visité le 12/juin/2024",
}

@misc{
	cdcEmmergency,
	author={cdc | US centers for disease control and prevention},
	title={National Center for Emerging and Zoonotic Infectious Diseases (NCEZID)},
	howpublished = "\url{https://www.cdc.gov/ncezid} Visité le 12/juin/2024"
}

@INPROCEEDINGS{9985708,
	author={Reddy, Bommireddy Vijay Kumar and Patel, Shail and Singh, Anayna and Singh, Nishant and Ranjit, Sasanapuri and Dantkale, Shreyas},
	booktitle={2022 4th International Conference on Inventive Research in Computing Applications (ICIRCA)}, 
	title={Data Science System of Predicting and Detecting the Chikungunya Virus using Ensemble Techniques}, 
	year={2022},
	volume={},
	number={},
	pages={1420-1423},
	keywords={Pregnancy;Heart;Pediatrics;Computer viruses;Neural networks;Data science;Vaccines;Chikungunya Prediction;Data Science;neural network;artificial neural network;deep neural network},
	doi={10.1109/ICIRCA54612.2022.9985708}
}

@article{JournalofVirology,
	author = {Thomas E. Morrison},
	title = {Reemergence of Chikungunya},
	journaltitle = {Journal of Virology},
	date = {15 October 2014},
	editor = {J. Pfeiffer},
	volume = {88},
	number = {20},
	pages = {11644 - 11647},
	doi={https://doi.org/10.1128/jvi.01432-14}
}

@report{rapport2020oms,
	author = {Dr Jean Bosco NDIHOKUBWAYO,Dr Brahim Hamit et al},
	title = {Rapport de la Situation Épidémiologique CHIKUNGUNYA },
	type = {rapport},
	institution = {OMS (Organisation Mondiale de la santé)},
	date = { 3 Septembre 2020 },
}
 